
@book {b2,
author = {Michel Raynal},
year = {2012},
title = {Distributed Algorithms for Message-Passing Systems},
publisher = {Springer}	
}


@book {b1,
author = {C.Girault, R.Valk},
year = {2001},
title = {Petri Nets for Systems Engineering},
publisher = {Springer-Verlag}
}

